<collection xmlns="http://www.loc.gov/MARC21/slim">
<record>
  <leader>01366nam0a2200265 i 450 </leader>
  <controlfield tag="001">IT\ICCU\CNCE\059085</controlfield>
  <controlfield tag="005">20130628000000.0</controlfield>
  <datafield tag="012" ind1=" " ind2=" ">
    <subfield code="a">e,us io*- r*s, fial (3) 1594 (A)</subfield>
    <subfield code="2">fei</subfield>
  </datafield>
  <datafield tag="100" ind1=" " ind2=" ">
    <subfield code="a">20040910d1594        0itac0103    ba</subfield>
  </datafield>
  <datafield tag="101" ind1=" " ind2=" ">
    <subfield code="a">LAT</subfield>
  </datafield>
  <datafield tag="102" ind1=" " ind2=" ">
    <subfield code="a">IT</subfield>
  </datafield>
  <datafield tag="200" ind1="1" ind2=" ">
    <subfield code="a">Contextus vniuersae grammatices despauterianae primae partis. Et syntaxeos, artis versificatoriae, figurarum, &amp; suorum commentariorum epitome: qum̉ fieri potuit breuissime concinnata, per Io. An. Pellissonem Condriensem, iuxta Lugdunensem impressionem nuper emendatum</subfield>
  </datafield>
  <datafield tag="210" ind1=" " ind2=" ">
    <subfield code="a">Carmagnoliae</subfield>
    <subfield code="c">apud Marcum Antonium Bellonum</subfield>
    <subfield code="d">1594</subfield>
    <subfield code="e">Carmagnoliae</subfield>
    <subfield code="g">apud Marcum Antonium Bellonum</subfield>
    <subfield code="h">1594</subfield>
  </datafield>
  <datafield tag="215" ind1=" " ind2=" ">
    <subfield code="a">331, \1! p.</subfield>
    <subfield code="d">8ʻ</subfield>
  </datafield>
  <datafield tag="620" ind1=" " ind2=" ">
    <subfield code="a">IT</subfield>
    <subfield code="d">Carmagnola</subfield>
  </datafield>
  <datafield tag="700" ind1=" " ind2="1">
    <subfield code="a">Pellisson,</subfield>
    <subfield code="b">Jean</subfield>
    <subfield code="3">IT\ICCU\CNCA\007185</subfield>
  </datafield>
  <datafield tag="702" ind1=" " ind2="1">
    <subfield code="a">Despautr̈e,</subfield>
    <subfield code="b">Jean</subfield>
    <subfield code="3">IT\ICCU\CNCA\004785</subfield>
  </datafield>
  <datafield tag="712" ind1="0" ind2="0">
    <subfield code="a">Bellone, Marcantonio</subfield>
    <subfield code="3">IT\ICCU\CNCT\000449</subfield>
    <subfield code="4">650</subfield>
  </datafield>
  <datafield tag="790" ind1=" " ind2="1">
    <subfield code="a">Pelisson,</subfield>
    <subfield code="b">Ioannes</subfield>
    <subfield code="3">IT\ICCU\CNCA\022112</subfield>
    <subfield code="z">Pellisson, Jean</subfield>
  </datafield>
  <datafield tag="790" ind1=" " ind2="1">
    <subfield code="a">Despauterius,</subfield>
    <subfield code="b">Joannes</subfield>
    <subfield code="3">IT\ICCU\CNCA\004786</subfield>
    <subfield code="z">Despautr̈e, Jean</subfield>
  </datafield>
  <datafield tag="790" ind1=" " ind2="1">
    <subfield code="a">Pauteren,</subfield>
    <subfield code="b">Jan : van</subfield>
    <subfield code="3">IT\ICCU\CNCA\004787</subfield>
    <subfield code="z">Despautr̈e, Jean</subfield>
  </datafield>
  <datafield tag="790" ind1=" " ind2="1">
    <subfield code="a">Spauter,</subfield>
    <subfield code="b">Johannes : de</subfield>
    <subfield code="3">IT\ICCU\CNCA\014920</subfield>
    <subfield code="z">Despautr̈e, Jean</subfield>
  </datafield>
  <datafield tag="791" ind1="0" ind2="0">
    <subfield code="a">Bellonus, Marcus Antonius</subfield>
    <subfield code="3">IT\ICCU\CNCT\004321</subfield>
    <subfield code="z">Bellone, Marcantonio</subfield>
  </datafield>
  <datafield tag="801" ind1=" " ind2="3">
    <subfield code="a">IT</subfield>
    <subfield code="b">ICCU</subfield>
    <subfield code="c">20201115</subfield>
  </datafield>
  <datafield tag="899" ind1=" " ind2=" ">
    <subfield code="a">Biblioteca civica Carlo Bonetta. Pavia</subfield>
    <subfield code="1">PV0071</subfield>
    <subfield code="2">PAV 01</subfield>
  </datafield>
</record>
</collection>
